@Article{KennedyEberhart,
author = {Kennedy, J.; Eberhart, R.},
title = {Particle Swarm Optimization},
journal = {Proceedings of IEEE International Conference on Neural Networks},
year = {1995},
OPTvolume = {IV},
OPTpages = {1942-1948},
}
@article{ClercKennedy,
author = {Clerc, M.; Kennedy, J.},
title = {The particle swarm - explosion, stability, and convergence in a multidimensional complex space},
journal = {IEEE Transactions on Evolutionary Computation},
year = {2002},
OPTvolume = {1},
OPTnumber = {6},
OPTpages = {58-73},
}
